<record><leader>00000cas a22000007a 4500</leader><controlfield tag="001">12688975</controlfield><controlfield tag="008">851018d19311933wvuwr ne      0    0eng d</controlfield><controlfield tag="009">6116</controlfield><datafield ind1=" " ind2=" " tag="010"><subfield code="a">sn 85059521 </subfield></datafield><datafield ind1=" " ind2=" " tag="040"><subfield code="a">WVC</subfield><subfield code="b">eng</subfield><subfield code="c">WVC</subfield><subfield code="d">DLC</subfield><subfield code="d">OCL</subfield></datafield><datafield ind1="1" ind2=" " tag="029"><subfield code="a">AU@</subfield><subfield code="b">000025807209</subfield></datafield><datafield ind1=" " ind2=" " tag="042"><subfield code="a">msc</subfield></datafield><datafield ind1="0" ind2="0" tag="245"><subfield code="a">Berkeley County news.</subfield></datafield><datafield ind1=" " ind2=" " tag="260"><subfield code="a">Martinsburg, W. Va. :</subfield><subfield code="b">W.H. Barger,</subfield><subfield code="c">1931-1933.</subfield></datafield><datafield ind1=" " ind2=" " tag="300"><subfield code="a">v.</subfield></datafield><datafield ind1=" " ind2=" " tag="310"><subfield code="a">Weekly</subfield></datafield><datafield ind1="0" ind2=" " tag="362"><subfield code="a">Vol. 1, no. 1 (Dec. 11, 1931)-v. 2, no. 28 (June 9, 1933).</subfield></datafield><datafield ind1=" " ind2=" " tag="752"><subfield code="a">United States</subfield><subfield code="b">West Virginia</subfield><subfield code="c">Berkeley</subfield><subfield code="d">Martinsburg.</subfield></datafield><datafield ind1="0" ind2="0" tag="785"><subfield code="t">Shenandoah sun</subfield><subfield code="w">(DLC)sn 85059543</subfield></datafield></record>